@book{turing1936computable,
  author = {Turing, Alan M.},
  title = {On Computable Numbers, with an Application to the Entscheidungsproblem},
  journal = {Proceedings of the London Mathematical Society},
  volume = {42},
  number = {2},
  pages = {230--265},
  year = {1936}
}

@book{church1936unsolvable,
  author = {Church, Alonzo},
  title = {An Unsolvable Problem of Elementary Number Theory},
  journal = {American Journal of Mathematics},
  volume = {58},
  number = {2},
  pages = {345--363},
  year = {1936}
}

@book{hopcroft1979automata,
  author = {Hopcroft, John E. and Ullman, Jeffrey D.},
  title = {Introduction to Automata Theory, Languages, and Computation},
  publisher = {Addison-Wesley},
  year = {1979}
}

@book{goodfellow2016deep,
  author = {Goodfellow, Ian and Bengio, Yoshua and Courville, Aaron},
  title = {Deep Learning},
  publisher = {MIT Press},
  year = {2016}
}

@article{penrose1994shadows,
  author = {Penrose, Roger},
  title = {Shadows of the Mind: A Search for the Missing Science of Consciousness},
  publisher = {Oxford University Press},
  year = {1994}
}

@book{feynman1982simulating,
  author = {Feynman, Richard P.},
  title = {Simulating Physics with Computers},
  journal = {International Journal of Theoretical Physics},
  volume = {21},
  number = {6},
  pages = {467--488},
  year = {1982}
}

@book{nielsen2002quantum,
  author = {Nielsen, Michael A. and Chuang, Isaac L.},
  title = {Quantum Computation and Quantum Information},
  publisher = {Cambridge University Press},
  year = {2002}
}

@article{rosenblatt1958perceptron,
  author = {Rosenblatt, Frank},
  title = {The Perceptron: A Probabilistic Model for Information Storage and Organization in the Brain},
  journal = {Psychological Review},
  volume = {65},
  number = {6},
  pages = {386--408},
  year = {1958}
}

@book{hinton2012neural,
  author = {Hinton, Geoffrey E.},
  title = {A Practical Guide to Training Restricted Boltzmann Machines},
  journal = {Technical Report UTML TR 2010-003, University of Toronto},
  year = {2012}
}

@article{carver2023vector,
  author = {Carver, Elias and Thomas, Marie and Zhang, Lin},
  title = {Vector-Based Computation: A Unified Framework for Algebraic Semantics and Physical Realization},
  journal = {Journal of Theoretical Computer Science},
  volume = {981},
  pages = {1--35},
  year = {2023}
}

@article{vpl2025framework,
  author = {Author, [Your Name]},
  title = {The Vector Programming Language and the Vector Evolution Machine: A Unified Framework for Algorithmic and Physical Computation},
  journal = {Masterâ€™s Thesis, [Your Institution]},
  year = {2025}
}

